@misc{crispin-imap-cache-filing-1,
  author="Mark Crispin",
  title="Comments on the imap-protocol mailing list",
  year=2011,
  month=jun,
  url="http://mailman2.u.washington.edu/pipermail/imap-protocol/2010-June/001144.html",
}

@misc{crispin-imap-cache-filing-2,
  author="Mark Crispin",
  title="Comments on the imap-protocol mailing list",
  year=2012,
  month=jun,
  url="http://mailman2.u.washington.edu/pipermail/imap-protocol/2010-June/001156.html"
}

@misc{shannon-imap-clients-glorified-pop,
  author="Bill Shannon",
  title="Comments on the imap-protocol mailing list",
  year=2006,
  month=sep,
  url="http://mailman2.u.washington.edu/pipermail/imap-protocol/2006-September/000261.html"
}

@misc{crispin-imap-clients-glorified-pop,
  author="Mark Crispin",
  title="Comments on the imap-protocol mailing list",
  year=2009,
  month=dec,
  url="http://mailman2.u.washington.edu/pipermail/imap-protocol/2009-December/001043.html"
}
